%% report.bib - contains BiBtex input for bibliography

@article{song2012,
	title = {Protein interaction affinity determination by quantitative {FRET} technology},
	volume = {109},
	doi = {10.1002/bit.24564},
	number = {11},
	journal = {Biotechnology and Bioengineering},
	author = {Song, Yang and Rodgers, V.G.J. and Schultz, Jerome S. and Liao, Jiayu},
	month = nov,
	year = {2012},
	pages = {2875--2883},
}
@article{butz2016,
	title = {Quantifying macromolecular interactions in living cells using {FRET} two-hybrid assays},
	volume = {11},
	doi = {10.1038/nprot.2016.128},
	number = {12},
	journal = {Nature Protocols},
	author = {Butz, Elisabeth S. and Ben-Johny, Manu and Shen, Michael and Yang, Philemon S. and Sang, Lingjie and Biel, Martin and Yue, David T. and Wahl-Schott, Christian},
	month = dec,
	year = {2016},
	pages = {2470--2498},
}

@article{Du2018,
	title = {{FRET} two-hybrid assay by linearly fitting {FRET} efficiency to concentration ratio between acceptor and donor},
	volume = {112},
	doi = {10.1063/1.5021466},
	number = {15},
	journal = {Applied Physics Letters},
	author = {Du, Mengyan and Yang, Fangfang and Mai, Zihao and Qu, Wenfeng and Lin, Fangrui and Wei, Lichun and Chen, Tongsheng},
	month = apr,
	year = {2018},
	pages = {153702},
}

@article{sun2022,
	title = {Automated {ExEm}-{spFRET} {Microscope}},
	volume = {28},
	doi = {10.1017/S1431927621013891},
	number = {2},
	journal = {Microscopy and Microanalysis},
	author = {Sun, Han and Zhang, Chenshuang and Yuan, Ye and Gao, Lu and Zhai, Shixian and Chen, Hongce and Tang, Qilin and Zhuang, Zhengfei and Chen, Tongsheng},
	month = apr,
	year = {2022},
	pages = {330--337},
}


@article{ge2020,
	title = {Highly-efficient quantitative fluorescence resonance energy transfer measurements based on deep learning},
	volume = {13},
	doi = {10.1142/S1793545820500212},
	number = {06},
	journal = {Journal of Innovative Optical Health Sciences},
	author = {Ge, Lin and Liu, Fei and Luo, Jianwen},
	month = nov,
	year = {2020},
	pages = {2050021},
}

@article{wang_2020,
	title = {Discovery of A-1331852, a First-in-Class, Potent, and Orally-Bioavailable {BCL}-X $_{\textrm{L}}$ Inhibitor},
	volume = {11},
	doi = {10.1021/acsmedchemlett.9b00568},
	pages = {1829--1836},
	number = {10},
	journaltitle = {{ACS} Medicinal Chemistry Letters},
	author = {Wang, Le and Doherty, George A. and Judd, Andrew S. and Tao, Zhi-Fu and Hansen, T. Matthew and Frey, Robin R. and Song, Xiaohong and Bruncko, Milan and Kunzer, Aaron R. and Wang, Xilu and Wendt, Michael D. and Flygare, John A. and Catron, Nathaniel D. and Judge, Russell A. and Park, Chang H. and Shekhar, Shashank and Phillips, Darren C. and Nimmer, Paul and Smith, Morey L. and Tahir, Stephen K. and Xiao, Yu and Xue, John and Zhang, Haichao and Le, Phuong N. and Mitten, Michael J. and Boghaert, Erwin R. and Gao, Wenqing and Kovar, Peter and Choo, Edna F. and Diaz, Dolores and Fairbrother, Wayne J. and Elmore, Steven W. and Sampath, Deepak and Leverson, Joel D. and Souers, Andrew James},
}

@article{sun2019,
	title={Controlling and online measurement of automatic dual-channel E-FRET microscope},
  author={ Sun, Han  and  Zhang, Chenshuang  and  Ma, Yunyun  and  Du, Mengyan  and  Chen, Tongsheng },
  journal={Biomedical signal processing and control},
  volume={53},
  number={Aug.},
  pages={101585.1-101585.9},
  year={2019},
}
@article{algar2019,
	title = {{FRET} as a biomolecular research tool — understanding its potential while avoiding pitfalls},
	volume = {16},
	doi = {10.1038/s41592-019-0530-8},
	number = {9},
	journal = {Nature Methods},
	author = {Algar, W. Russ and Hildebrandt, Niko and Vogel, Steven S. and Medintz, Igor L.},
    month = sep,
	year = {2019},
	pages = {815--829},
}
@article{feldmann2023,
	title = {Protocol for deriving proximity, affinity, and stoichiometry of protein interactions using image-based quantitative two-hybrid {FRET}},
	volume = {4},
	doi = {10.1016/j.xpro.2023.102459},
	number = {3},
	journal = {STAR Protocols},
	author = {Feldmann, Colin and Schänzler, Michael and Ben-Johny, Manu and Wahl-Schott, Christian},
    month = sep,
	year = {2023},
	pages = {102459},
}
@article{sun2023regorafenib,
  title={Regorafenib induces Bim-mediated intrinsic apoptosis by blocking AKT-mediated FOXO3a nuclear export},
  author={Sun, Beini and Chen, Hongce and Wang, Xiaoping and Chen, Tongsheng},
  journal={Cell Death Discovery},
  volume={9},
  number={1},
  pages={37},
  year={2023},
  publisher={Nature Publishing Group UK London}
}
@article{fang2023review,
  title={Review of FRET biosensing and its application in biomolecular detection},
  author={Fang, Chao and Huang, Yong and Zhao, Yongxiang},
  journal={American journal of translational research},
  volume={15},
  number={2},
  pages={694},
  year={2023},
  publisher={e-Century Publishing Corporation}
}
@article{liao2021quantitative,
  title={Quantitative FRET (qFRET) technology for the determination of protein--protein interaction affinity in solution},
  author={Liao, Jiayu and Madahar, Vipul and Dang, Runrui and Jiang, Ling},
  journal={Molecules},
  volume={26},
  number={21},
  pages={6339},
  year={2021},
  publisher={MDPI}
}
@inproceedings{kirillov2023segment,
  title={Segment anything},
  author={Kirillov, Alexander and Mintun, Eric and Ravi, Nikhila and Mao, Hanzi and Rolland, Chloe and Gustafson, Laura and Xiao, Tete and Whitehead, Spencer and Berg, Alexander C and Lo, Wan-Yen and others},
  booktitle={Proceedings of the IEEE/CVF International Conference on Computer Vision},
  pages={4015--4026},
  year={2023}
}
@article{zhang2024segment,
  title={Segment anything model for medical image segmentation: Current applications and future directions},
  author={Zhang, Yichi and Shen, Zhenrong and Jiao, Rushi},
  journal={Computers in Biology and Medicine},
  pages={108238},
  year={2024},
  publisher={Elsevier}
}
@article{warren2019bcl,
  title={BCL-2 family isoforms in apoptosis and cancer},
  author={Warren, Chloe FA and Wong-Brown, Michelle W and Bowden, Nikola A},
  journal={Cell death \& disease},
  volume={10},
  number={3},
  pages={177},
  year={2019},
  publisher={Nature Publishing Group UK London}
}
@article{sun2022automated,
  title={Automated ExEm-spFRET Microscope},
  author={Sun, Han and Zhang, Chenshuang and Yuan, Ye and Gao, Lu and Zhai, Shixian and Chen, Hongce and Tang, Qilin and Zhuang, Zhengfei and Chen, Tongsheng},
  journal={Microscopy and Microanalysis},
  volume={28},
  number={2},
  pages={330--337},
  year={2022},
  publisher={Oxford University Press}
}
@article{sun2021measuring,
  title={Measuring System Calibration Factors by Unmixing the Excitation--Emission Spectra of One Dish of Cells},
  author={Sun, Han and Yin, Ao and Gao, Lu and Chen, Hongce and Tang, Qilin and Yuan, Ye and Liu, Zhi and Zhuang, Zhengfei and Chen, Tongsheng},
  journal={Microscopy and Microanalysis},
  volume={27},
  number={6},
  pages={1498--1505},
  year={2021},
  publisher={Oxford University Press}
}
@article{koushik2006cerulean,
  title={Cerulean, Venus, and VenusY67C FRET reference standards},
  author={Koushik, Srinagesh V and Chen, Huanmian and Thaler, Christopher and Puhl, Henry L and Vogel, Steven S},
  journal={Biophysical journal},
  volume={91},
  number={12},
  pages={L99--L101},
  year={2006},
  publisher={Elsevier}
}
@article{thaler2005quantitative,
  title={Quantitative multiphoton spectral imaging and its use for measuring resonance energy transfer},
  author={Thaler, Christopher and Koushik, Srinagesh V and Blank, Paul S and Vogel, Steven S},
  journal={Biophysical journal},
  volume={89},
  number={4},
  pages={2736--2749},
  year={2005},
  publisher={Elsevier}
}
@article{erickson2001preassociation,
  title={Preassociation of calmodulin with voltage-gated Ca2+ channels revealed by FRET in single living cells},
  author={Erickson, Michael G and Alseikhan, Badr A and Peterson, Blaise Z and Yue, David T},
  journal={Neuron},
  volume={31},
  number={6},
  pages={973--985},
  year={2001},
  publisher={Elsevier}
}
@inproceedings{jagadeeswari2022integral,
  title={Integral Images: Efficient Algorithms for Their Computation Systems of Speeded-Up Robust Features (Surf)},
  author={Jagadeeswari, M and Manikandababu, CS and Aiswarya, M},
  booktitle={Pervasive Computing and Social Networking: Proceedings of ICPCSN 2021},
  pages={663--672},
  year={2022},
  organization={Springer}
}
@article{zal2004,
	title = {Photobleaching-{Corrected} {FRET} {Efficiency} {Imaging} of {Live} {Cells}},
	volume = {86},
	doi = {10.1529/biophysj.103.022087},
	number = {6},
	journal = {Biophysical Journal},
	author = {Zal, Tomasz and Gascoigne, Nicholas R.J.},
	month = jun,
	year = {2004},
	pages = {3923--3939},
}
@article{2006Measurement,
  title={Measurement of FRET efficiency and ratio of donor to acceptor concentration in living cells.},
  author={ Chen, Huanmian  and  Puhl, Henry L.  and  Koushik, Srinagesh V.  and  Vogel, Steven S.  and  Ikeda, Stephen R. },
  journal={Biophysical Journal},
  volume={91},
  number={5},
  pages={L39-L41},
  year={2006},
}
@article{wang2020discovery,
  title={Discovery of A-1331852, a first-in-class, potent, and orally-bioavailable BCL-XL inhibitor},
  author={Wang, Le and Doherty, George A and Judd, Andrew S and Tao, Zhi-Fu and Hansen, T Matthew and Frey, Robin R and Song, Xiaohong and Bruncko, Milan and Kunzer, Aaron R and Wang, Xilu and others},
  journal={ACS medicinal chemistry letters},
  volume={11},
  number={10},
  pages={1829--1836},
  year={2020},
  publisher={ACS Publications}
}
@article{ben-johny2016,
	title = {Detecting stoichiometry of macromolecular complexes in live cells using {FRET}},
	volume = {7},
	doi = {10.1038/ncomms13709},
	number = {1},
	journal = {Nature Communications},
	author = {Ben-Johny, Manu and Yue, David T. Daniel N. and Yue, David T. Daniel N.},
	month = dec,
	year = {2016},
	pages = {13709--13709},
	
}
@article{2019Gaussian,
  title={Gaussian FRET two-hybrid assays for determining the stoichiometry of hetero-oligomeric complexes in single living cells},
  author={ Qu, Wenfeng  and  Du, Mengyan  and  Yang, Fangfang  and  Mai, Zihao  and  Zhang, Chenshuang  and  Lin, Fangrui  and  Ma, Yunyun  and  Chen, Tongsheng },
  journal={Biochemical and Biophysical Research Communications},
  year={2019},
}
@inproceedings{gedraite2011investigation,
  title={Investigation on the effect of a Gaussian Blur in image filtering and segmentation},
  author={Gedraite, Estev{\~a}o S and Hadad, Murielle},
  booktitle={Proceedings ELMAR-2011},
  pages={393--396},
  year={2011},
  organization={IEEE}
}
@article{samanta2021overview,
  title={An overview of structured illumination microscopy: recent advances and perspectives},
  author={Samanta, Krishnendu and Joseph, Joby},
  journal={Journal of Optics},
  volume={23},
  number={12},
  pages={123002},
  year={2021},
  publisher={IOP Publishing}
}
@article{mo2023quantitative,
  title={Quantitative structured illumination microscopy via a physical model-based background filtering algorithm reveals actin dynamics},
  author={Mo, Yanquan and Wang, Kunhao and Li, Liuju and Xing, Shijia and Ye, Shouhua and Wen, Jiayuan and Duan, Xinxin and Luo, Ziying and Gou, Wen and Chen, Tongsheng and others},
  journal={Nature communications},
  volume={14},
  number={1},
  pages={3089},
  year={2023},
  publisher={Nature Publishing Group UK London}
}
@article{Chenguang2019A,
  title={A photostable fluorescent marker for the superresolution live imaging of the dynamic structure of the mitochondrial cristae.},
  author={Chenguang and Wang and Masayasu and Taki and Yoshikatsu and Sato and Yasushi and Tamura and Hideyuki and Yaginuma},
  journal={Proceedings of the National Academy of Sciences of the United States of America},
  volume={116},
  number={32},
  pages={15817-15822},
  year={2019},
}
@article{2018STED,
  title={STED super-resolved microscopy},
  author={ Vicidomini, Giuseppe  and  Bianchini, Paolo  and  Diaspro, Alberto },
  journal={Nature Methods},
  year={2018},
}
@article{luo2023structured,
  title={Structured illumination-based super-resolution live-cell quantitative FRET imaging},
  author={Luo, Zewei and Wu, Ge and Kong, Mengting and Chen, Zhi and Zhuang, Zhengfei and Fan, Junchao and Chen, Tongsheng},
  journal={Photonics Research},
  volume={11},
  number={5},
  pages={887--896},
  year={2023},
  publisher={Optica Publishing Group}
}
@article{yang2020stoichiometry,
  title={Stoichiometry and regulation network of Bcl-2 family complexes quantified by live-cell FRET assay},
  author={Yang, Fangfang and Qu, Wenfeng and Du, Mengyan and Mai, Zihao and Wang, Bin and Ma, Yunyun and Wang, Xiaoping and Chen, Tongsheng},
  journal={Cellular and Molecular Life Sciences},
  volume={77},
  pages={2387--2406},
  year={2020},
  publisher={Springer}
}
@article{cheng2023sammed2d,
  title={Sam-med2d},
  author={Cheng, Junlong and Ye, Jin and Deng, Zhongying and Chen, Jianpin and Li, Tianbin and Wang, Haoyu and Su, Yanzhou and Huang, Ziyan and Chen, Jilong and Jiang, Lei and others},
  journal={arXiv preprint arXiv:2308.16184},
  year={2023}
}
@article{wang2023rapid,
  title={Rapid, artifact-reduced, image reconstruction for super-resolution structured illumination microscopy},
  author={Wang, Zhaojun and Zhao, Tianyu and Cai, Yanan and Zhang, Jingxiang and Hao, Huiwen and Liang, Yansheng and Wang, Shaowei and Sun, Yujie and Chen, Tongsheng and Bianco, Piero R and others},
  journal={The Innovation},
  volume={4},
  number={3},
  year={2023},
  publisher={Elsevier}
}

@inproceedings{ronneberger2015u,
  title={U-net: Convolutional networks for biomedical image segmentation},
  author={Ronneberger, Olaf and Fischer, Philipp and Brox, Thomas},
  booktitle={Medical image computing and computer-assisted intervention--MICCAI 2015: 18th international conference, Munich, Germany, October 5-9, 2015, proceedings, part III 18},
  pages={234--241},
  year={2015},
  organization={Springer}
}
@article{Adams1998The,
  title={The Bcl-2 Protein Family: Arbiters of Cell Survival},
  author={Adams and  J., M. },
  journal={Science},
  volume={281},
  number={5381},
  pages={1322},
  year={1998},
}
@article{2006Mitochondrial,
  title={Mitochondrial outer membrane permeabilization during apoptosis: the innocent bystander scenario},
  author={ Chipuk, J E  and  Bouchier-Hayes, L  and  Green, D R },
  journal={Cell Death \& Differentiation},
  volume={13},
  number={8},
  pages={1396-1402},
  year={2006},
}
@article{2017New,
  title={New agents that target senescent cells: The flavone, fisetin, and the BCL-XL inhibitors, A1331852 and A1155463},
  author={ Yi, Zhu  and  Doornebal, Ewald J.  and  Tamar, Pirtskhalava  and  Nino, Giorgadze  and  Mark, Wentworth  and  Heike, Fuhrmann Stroissnigg  and  Niedernhofer, Laura J.  and  Robbins, Paul D.  and  Tamara, Tchkonia  and  Kirkland, James L. },
  journal={Aging},
  volume={9},
  pages={955-963},
  year={2017},
}
@article{2020Stoichiometry,
  title={Stoichiometry and regulation network of Bcl-2 family complexes quantified by live-cell FRET assay.},
  author={ Yang, F.  and  Qu, W.  and  Du, M.  and  Mai, Z.  and  Wang, B.  and  Ma, Y.  and  Wang, X.  and  Chen, T. },
  journal={Cellular and molecular life sciences : CMLS},
  volume={77},
  number={12},
  pages={2387-2406},
  year={2020},
}
@article{forster1948zwischenmolekulare,
  title={Zwischenmolekulare energiewanderung und fluoreszenz},
  author={F{\"o}rster, Th},
  journal={Annalen der physik},
  volume={437},
  number={1-2},
  pages={55--75},
  year={1948},
  publisher={Wiley Online Library}
}
@book{lakowicz2006principles,
  title={Principles of fluorescence spectroscopy},
  author={Lakowicz, Joseph R},
  year={2006},
  publisher={Springer}
}
@article{2020Single,
  title={Single-Molecule FRET Detection of Sub-Nanometer Distance Changes in the Range below a 3-Nanometer Scale},
  author={ Son, Heyjin  and  Mo, Woori  and  Park, Jaeil  and  Lee, Joong Wook  and  Lee, Sanghwa },
  journal={Biosensors},
  volume={10},
  number={11},
  pages={168},
  year={2020},
}
@article{wu2018translocation,
  title={Translocation kinetics and structural dynamics of ribosomes are modulated by the conformational plasticity of downstream pseudoknots},
  author={Wu, Bo and Zhang, Haibo and Sun, Ruirui and Peng, Sijia and Cooperman, Barry S and Goldman, Yale E and Chen, Chunlai},
  journal={Nucleic acids research},
  volume={46},
  number={18},
  pages={9736--9748},
  year={2018},
  publisher={Oxford University Press}
}
@article{shrestha2015understanding,
  title={Understanding FRET as a research tool for cellular studies},
  author={Shrestha, Dilip and Jenei, Attila and Nagy, P{\'e}ter and Vereb, Gy{\"o}rgy and Sz{\"o}ll{\H{o}}si, J{\'a}nos},
  journal={International journal of molecular sciences},
  volume={16},
  number={4},
  pages={6718--6756},
  year={2015},
  publisher={MDPI}
}
@article{chudakov2010fluorescent,
  title={Fluorescent proteins and their applications in imaging living cells and tissues},
  author={Chudakov, Dmitriy M and Matz, Mikhail V and Lukyanov, Sergey and Lukyanov, Konstantin A},
  journal={Physiological reviews},
  volume={90},
  number={3},
  pages={1103--1163},
  year={2010},
  publisher={American Physiological Society Bethesda, MD}
}
@article{shimomura2009discovery,
  title={Discovery of green fluorescent protein (GFP)(Nobel Lecture)},
  author={Shimomura, Osamu},
  journal={Angewandte Chemie International Edition},
  volume={48},
  number={31},
  pages={5590--5602},
  year={2009},
  publisher={WILEY-VCH Verlag Weinheim}
}
@article{sekar2003fluorescence,
  title={Fluorescence resonance energy transfer (FRET) microscopy imaging of live cell protein localizations},
  author={Sekar, Rajesh Babu and Periasamy, Ammasi},
  journal={The Journal of cell biology},
  volume={160},
  number={5},
  pages={629},
  year={2003}
}
@article{chen2006measurement,
  title={Measurement of FRET efficiency and ratio of donor to acceptor concentration in living cells},
  author={Chen, Huanmian and Puhl, Henry L and Koushik, Srinagesh V and Vogel, Steven S and Ikeda, Stephen R},
  journal={Biophysical journal},
  volume={91},
  number={5},
  pages={L39--L41},
  year={2006},
  publisher={Elsevier}
}
@article{zhao2020quantitative,
  title={Quantitative Analysis of Protein Self-Association by Sedimentation Velocity},
  author={Zhao, Huaying and Li, Wenqi and Chu, Wendan and Bollard, Mary and Ad{\~a}o, Regina and Schuck, Peter},
  journal={Current protocols in protein science},
  volume={101},
  number={1},
  pages={e109},
  year={2020},
  publisher={Wiley Online Library}
}
@article{clark2023single,
  title={Single molecule studies of the native hair cell mechanosensory transduction complex},
  author={Clark, Sarah and Mitra, Jaba and Elferich, Johannes and Goehring, April and Ge, Jingpeng and Ha, Taekjip and Gouaux, Eric},
  journal={bioRxiv},
  year={2023}
}
@article{cui2019techniques,
  title={Techniques for detecting protein-protein interactions in living cells: principles, limitations, and recent progress},
  author={Cui, Yaning and Zhang, Xi and Yu, Meng and Zhu, Yingfang and Xing, Jingjing and Lin, Jinxing},
  journal={Science China Life Sciences},
  volume={62},
  pages={619--632},
  year={2019},
  publisher={Springer}
}
@article{kromp2020annotated,
  title={An annotated fluorescence image dataset for training nuclear segmentation methods},
  author={Kromp, Florian and Bozsaky, Eva and Rifatbegovic, Fikret and Fischer, Lukas and Ambros, Magdalena and Berneder, Maria and Weiss, Tamara and Lazic, Daria and D{\"o}rr, Wolfgang and Hanbury, Allan and others},
  journal={Scientific Data},
  volume={7},
  number={1},
  pages={262},
  year={2020},
  publisher={Nature Publishing Group UK London}
}
@article{zhang2021survey,
  title={A survey on neural network interpretability},
  author={Zhang, Yu and Ti{\v{n}}o, Peter and Leonardis, Ale{\v{s}} and Tang, Ke},
  journal={IEEE Transactions on Emerging Topics in Computational Intelligence},
  volume={5},
  number={5},
  pages={726--742},
  year={2021},
  publisher={IEEE}
}
@article{fan2021interpretability,
  title={On interpretability of artificial neural networks: A survey},
  author={Fan, Feng-Lei and Xiong, Jinjun and Li, Mengzhou and Wang, Ge},
  journal={IEEE Transactions on Radiation and Plasma Medical Sciences},
  volume={5},
  number={6},
  pages={741--760},
  year={2021},
  publisher={IEEE}
}
@article{yung1973relationship,
  title={Relationship between the inhibition constant (KI) and the concentration of inhibitor which causes 50 per cent inhibition (I50) of an enzymatic reaction},
  author={Yung-Chi, Cheng and Prusoff, William H},
  journal={Biochemical pharmacology},
  volume={22},
  number={23},
  pages={3099--3108},
  year={1973},
  publisher={Elsevier}
}
@article{yekta1995dipole,
  title={Dipole-dipole electronic energy transfer. Fluorescence decay functions for arbitrary distributions of donors and acceptors: systems with planar geometry},
  author={Yekta, Ahmad and Duhamel, Jean and Winnik, Mitchell A},
  journal={Chemical physics letters},
  volume={235},
  number={1-2},
  pages={119--125},
  year={1995},
  publisher={Elsevier}
}
@article{miyawaki1997fluorescent,
  title={Fluorescent indicators for Ca2+ based on green fluorescent proteins and calmodulin},
  author={Miyawaki, Atsushi and Llopis, Juan and Heim, Roger and McCaffery, J Michael and Adams, Joseph A and Ikura, Mitsuhiko and Tsien, Roger Y},
  journal={Nature},
  volume={388},
  number={6645},
  pages={882--887},
  year={1997},
  publisher={Nature Publishing Group UK London}
}
@article{thomsen2020deepfret,
  title={DeepFRET, a software for rapid and automated single-molecule FRET data classification using deep learning},
  author={Thomsen, Johannes and Sletfjerding, Magnus Berg and Jensen, Simon Bo and Stella, Stefano and Paul, Bijoya and Malle, Mette Galsgaard and Montoya, Guillermo and Petersen, Troels Christian and Hatzakis, Nikos S},
  journal={Elife},
  volume={9},
  pages={e60404},
  year={2020},
  publisher={eLife Sciences Publications, Ltd}
}
@article{song2011development,
  title={Development of FRET assay into quantitative and high-throughput screening technology platforms for protein--protein interactions},
  author={Song, Yang and Madahar, Vipul and Liao, Jiayu},
  journal={Annals of biomedical engineering},
  volume={39},
  pages={1224--1234},
  year={2011},
  publisher={Springer}
}
@article{bozza2014use,
  title={The use of a stably expressed FRET biosensor for determining the potency of cancer drugs},
  author={Bozza, William P and Di, Xu and Takeda, Kazuyo and Rivera Rosado, Leslie A and Pariser, Sarah and Zhang, Baolin},
  journal={PLoS One},
  volume={9},
  number={9},
  pages={e107010},
  year={2014},
  publisher={Public Library of Science San Francisco, USA}
}
@book{陆文周2015Qt5,
  title={Qt5开发及实例.第2版},
  author={陆文周},
  publisher={Qt5开发及实例.第2版},
  year={2015},
}
@article{bradski2000opencv,
  title={The opencv library.},
  author={Bradski, Gary},
  journal={Dr. Dobb's Journal: Software Tools for the Professional Programmer},
  volume={25},
  number={11},
  pages={120--123},
  year={2000},
  publisher={Miller Freeman Inc.}
}
@book{bradski2008learning,
  title={Learning OpenCV: Computer vision with the OpenCV library},
  author={Bradski, Gary and Kaehler, Adrian},
  year={2008},
  publisher={" O'Reilly Media, Inc."}
}
@article{qu2019Gaussian,
  title={Gaussian FRET two-hybrid assays for determining the stoichiometry of hetero-oligomeric complexes in single living cells},
  author={ Qu, Wenfeng  and  Du, Mengyan  and  Yang, Fangfang  and  Mai, Zihao  and  Zhang, Chenshuang  and  Lin, Fangrui  and  Ma, Yunyun  and  Chen, Tongsheng },
  journal={Biochemical and Biophysical Research Communications},
  month = may,
  year={2019},
  doi={10.1016/j.bbrc.2019.03.089},
}
@article{zhou2024deep,
  title={Deep learning based local feature classification to automatically identify single molecule fluorescence events},
  author={Zhou, Shuqi and Miao, Yu and Qiu, Haoren and Yao, Yuan and Wang, Wenjuan and Chen, Chunlai},
  journal={Communications Biology},
  volume={7},
  number={1},
  pages={1404},
  year={2024},
  publisher={Nature Publishing Group UK London}
}
@article{yang2020interaction,
  title={Interaction between Bax and Bcl-XL proteins confirmed by partial acceptor photobleaching-based FRET imaging},
  author={Yang, Fangfang and Du, Mengyan and Wang, Xiaoping and Chen, Tongsheng},
  journal={Journal of Innovative Optical Health Sciences},
  volume={13},
  number={03},
  pages={2050011},
  year={2020},
  publisher={World Scientific}
}
@article{awais2004A,
  title={A genetically encoded fluorescent indicator capable of discriminating estrogen agonists from antagonists in living cells.},
  author={ Awais, Muhammad  and  Sato, Moritoshi  and  Sasaki, Kazuki  and  Umezawa, Yoshio },
  journal={Analytical Chemistry},
  volume={76},
  number={8},
  pages={2181},
  year={2004},
}
@article{Aye2009Fluorescent,
  title={Fluorescent biosensors for real-time tracking of post-translational modification dynamics},
  author={ Aye-Han, Nwe Nwe  and  Ni, Qiang  and  Zhang, Jin },
  journal={Current Opinion in Chemical Biology},
  volume={13},
  number={4},
  pages={392-397},
  year={2009},
}
@article{fabian2010strength,
  title={Strength in numbers: effects of acceptor abundance on FRET efficiency},
  author={F{\'a}bi{\'a}n, {\'A}kos I and Rente, T{\"u}nde and Sz{\"o}ll{\H{o}}si, J{\'a}nos and M{\'a}tyus, L{\'a}szl{\'o} and Jenei, Attila},
  journal={ChemPhysChem},
  volume={11},
  number={17},
  pages={3713--3721},
  year={2010},
  publisher={Wiley Online Library}
}
@article{han2023bright,
  title={Bright and sensitive red voltage indicators for imaging action potentials in brain slices and pancreatic islets},
  author={Han, Yi and Yang, Junqi and Li, Yuan and Chen, Yu and Ren, Huixia and Ding, Ran and Qian, Weiran and Ren, Keyuan and Xie, Beichen and Deng, Mengying and others},
  journal={Science Advances},
  volume={9},
  number={47},
  pages={eadi4208},
  year={2023},
  publisher={American Association for the Advancement of Science}
}
@article{cornea2009fret,
  title={FRET-based mapping of calmodulin bound to the RyR1 Ca2+ release channel},
  author={Cornea, Razvan L and Nitu, Florentin and Gruber, Simon and Kohler, Katherine and Satzer, Michael and Thomas, David D and Fruen, Bradley R},
  journal={Proceedings of the National Academy of Sciences},
  volume={106},
  number={15},
  pages={6128--6133},
  year={2009},
  publisher={National Academy of Sciences}
}
@article{xu2024visualizing,
  title={Visualizing calcium-dependent signaling networks in plants},
  author={Xu, Huimin and Liang, Xinlin and Lloyd, James R and Chen, Yanmei},
  journal={Trends in Plant Science},
  volume={29},
  number={2},
  pages={117--119},
  year={2024},
  publisher={Elsevier}
}
@article{hu2024designing,
  title={Designing artificial fluorescent proteins and biosensors by genetically encoding molecular rotor-based amino acids},
  author={Hu, Liming and Cao, Wenbing and Jiang, Yihaofan and Cai, Wenkang and Lou, Xiaoding and Liu, Tao},
  journal={Nature Chemistry},
  pages={1--12},
  year={2024},
  publisher={Nature Publishing Group UK London}
}
@article{yang2022cytosolic,
  title={Cytosolic peptides encoding CaV1 C-termini downregulate the calcium channel activity-neuritogenesis coupling},
  author={Yang, Yaxiong and Yu, Zhen and Geng, Jinli and Liu, Min and Liu, Nan and Li, Ping and Hong, Weili and Yue, Shuhua and Jiang, He and Ge, Haiyan and others},
  journal={Communications biology},
  volume={5},
  number={1},
  pages={484},
  year={2022},
  publisher={Nature Publishing Group UK London}
}
@article{yoon2020fret,
  title={FRET-based Ca2+ biosensor single cell imaging interrogated by high-frequency ultrasound},
  author={Yoon, Sangpil and Pan, Yijia and Shung, Kirk and Wang, Yingxiao},
  journal={Sensors},
  volume={20},
  number={17},
  pages={4998},
  year={2020},
  publisher={MDPI}
}
@article{liu2018influence,
  title={Influence of fluorescent protein maturation on FRET measurements in living cells},
  author={Liu, Boqun and Mavrova, Sara N and van den Berg, Jonas and Kristensen, Sebastian K and Mantovanelli, Luca and Veenhoff, Liesbeth M and Poolman, Bert and Boersma, Arnold J},
  journal={ACS sensors},
  volume={3},
  number={9},
  pages={1735--1742},
  year={2018},
  publisher={ACS Publications}
}
@article{carmona2009use,
  title={The use of Fluorescence Resonance Energy Transfer (FRET) peptidesfor measurement of clinically important proteolytic enzymes},
  author={Carmona, Adriana K and Juliano, Maria Aparecida and Juliano, Luiz},
  journal={Anais da Academia Brasileira de Ci{\^e}ncias},
  volume={81},
  pages={381--392},
  year={2009},
  publisher={SciELO Brasil}
}
@article{sun2021recent,
  title={The recent development of fluorescent probes for the detection of NADH and NADPH in living cells and in vivo},
  author={Sun, Pengjuan and Zhang, Hongxing and Sun, Yuanqiang and Liu, Jing},
  journal={Spectrochimica Acta Part A: Molecular and Biomolecular Spectroscopy},
  volume={245},
  pages={118919},
  year={2021},
  publisher={Elsevier}
}
@article{cheppali2025single,
  title={Single-molecule two-and three-colour FRET studies reveal a transition state in SNARE disassembly by NSF},
  author={Cheppali, Sudheer K and Li, Chang and Xing, Wenjing and Sun, Ruirui and Yang, Mengyi and Xue, Yi and Lu, Si-Yao and Yao, Jun and Sun, Shan and Chen, Chunlai and others},
  journal={Nature Communications},
  volume={16},
  number={1},
  pages={250},
  year={2025},
  publisher={Nature Publishing Group UK London}
}
@article{walter2021coumarin,
  title={A coumarin--porphyrin FRET break-apart probe for heme Oxygenase-1},
  author={Walter, Edward RH and Ge, Ying and Mason, Justin C and Boyle, Joseph J and Long, Nicholas J},
  journal={Journal of the American Chemical Society},
  volume={143},
  number={17},
  pages={6460--6469},
  year={2021},
  publisher={ACS Publications}
}
@article{fan2025mechanical,
  title={Mechanical Activation of cPLA2 Impedes Fatty Acid $\beta$-Oxidation in Vein Grafts},
  author={Fan, Linwei and Tang, Yuanjun and Liu, Jian and Liu, Yueqi and Xu, Yiwei and Liu, Jiayu and Liu, Han and Pang, Wei and Guo, Yuxuan and Yao, Weijuan and others},
  journal={Advanced Science},
  volume={12},
  number={3},
  pages={2411559},
  year={2025},
  publisher={Wiley Online Library}
}
@article{li2020automatic,
  title={Automatic classification and segmentation of single-molecule fluorescence time traces with deep learning},
  author={Li, Jieming and Zhang, Leyou and Johnson-Buck, Alexander and Walter, Nils G},
  journal={Nature Communications},
  volume={11},
  number={1},
  pages={5833},
  year={2020},
  publisher={Nature Publishing Group UK London}
}
@article{zhang2025pretrained,
  title={Pretrained Deep Neural Network Kin-SiM for Single-Molecule FRET Trace Idealization},
  author={Zhang, Leyou and Li, Jieming and Walter, Nils G},
  journal={The Journal of Physical Chemistry B},
  year={2025},
  publisher={ACS Publications}
}
@article{miao2025supervised,
  title={Supervised multi-frame dual-channel denoising enables long-term single-molecule FRET under extremely low photon budget},
  author={Miao, Yu and Cheng, Yuxiao and Xia, Yushi and Hei, Yongzhen and Wang, Wenjuan and Dai, Qionghai and Suo, Jinli and Chen, Chunlai},
  journal={Nature Communications},
  volume={16},
  number={1},
  pages={74},
  year={2025},
  publisher={Nature Publishing Group UK London}
}
@ARTICLE{9120226,
  author={Langer, Matthias and He, Zhen and Rahayu, Wenny and Xue, Yanbo},
  journal={IEEE Transactions on Parallel and Distributed Systems}, 
  title={Distributed Training of Deep Learning Models: A Taxonomic Perspective}, 
  year={2020},
  volume={31},
  number={12},
  pages={2802-2818},
  keywords={Deep learning;Training;Computational modeling;Parallel processing;Taxonomy;Data models;Biological system modeling;Survey;machine learning;deep learning;distributed systems;stochastic gradient descent;big data},
  doi={10.1109/TPDS.2020.3003307}
}
@inproceedings{huang2018gpipe,
  title={GPipe: Efficient Training of Giant Neural Networks using Pipeline Parallelism},
  author={Huang, Yanping and Cheng, Youlong and Bapna, Ankur and Firat, Orhan and Chen, Mia Xu and Chen, Dehao and Lee, Hyoukjoong and Ngiam, Ji Quan and Le, Quoc V and Wu, Yonghui and others},
  booktitle={Advances in Neural Information Processing Systems},
  year={2018}
}
@article{gurcan2022evolution,
  title={Evolution of software testing strategies and trends: Semantic content analysis of software research corpus of the last 40 years},
  author={Gurcan, Fatih and Dalveren, Gonca Gokce Menekse and Cagiltay, Nergiz Ercil and Roman, Dumitru and Soylu, Ahmet},
  journal={IEEE Access},
  volume={10},
  pages={106093--106109},
  year={2022},
  publisher={IEEE}
}
@inproceedings{wang2019software,
  title={Software testing},
  author={Wang, Rui and Artho, Cyrille and Kristensen$^1$, Lars Michael and Stolz$^1$, Volker},
  booktitle={Integrated Formal Methods: 15th International Conference, IFM 2019, Bergen, Norway, December 2--6, 2019, Proceedings},
  volume={11918},
  pages={474},
  year={2019},
  organization={Springer Nature}
}
@article{kuusanmaki2023erythroid,
  title={Erythroid/megakaryocytic differentiation confers BCL-XL dependency and venetoclax resistance in acute myeloid leukemia},
  author={Kuusanm{\"a}ki, Heikki and Dufva, Olli and V{\"a}h{\"a}-Koskela, Markus and Lepp{\"a}, Aino-Maija and Huuhtanen, Jani and V{\"a}nttinen, Ida and Nygren, Petra and Klievink, Jay and Bouhlal, Jonas and P{\"o}l{\"o}nen, Petri and others},
  journal={Blood},
  volume={141},
  number={13},
  pages={1610--1625},
  year={2023},
  publisher={American Society of Hematology Washington, DC}
}
@article{berg2019ilastik,
  title={Ilastik: interactive machine learning for (bio) image analysis},
  author={Berg, Stuart and Kutra, Dominik and Kroeger, Thorben and Straehle, Christoph N and Kausler, Bernhard X and Haubold, Carsten and Schiegg, Martin and Ales, Janez and Beier, Thorsten and Rudy, Markus and others},
  journal={Nature methods},
  volume={16},
  number={12},
  pages={1226--1232},
  year={2019},
  publisher={Nature Publishing Group US New York}
}
@article{feldmann2023protocol,
  title={Protocol for deriving proximity, affinity, and stoichiometry of protein interactions using image-based quantitative two-hybrid FRET},
  author={Feldmann, Colin and Sch{\"a}nzler, Michael and Ben-Johny, Manu and Wahl-Schott, Christian},
  journal={STAR protocols},
  volume={4},
  number={3},
  pages={102459},
  year={2023},
  publisher={Elsevier}
}
@patent{双杂交药筛,
  author      = {陈同生，曹庚强，孙贝妮等},
  title       = {一种基于FRET双杂交分析的活细胞药物筛选方法及系统},
  number      = {CN118583832A},
  year        = {2024},
  month = {9},
  day = {3},
  type        = {Patent},
  language = {chinese},
}
@patent{供体-受体浓度比,
  author      = {陈同生 and 麦子昊},
  title       = {一种基于供体-受体浓度比预处理FRET双杂交检测数据的方法},
  number      = {CN201810250537},
  year        = {2020},
  month = {6},
  day = {5},
  type        = {Patent},
  language = {chinese},
}
@article{zal2004photobleaching,
  title={Photobleaching-corrected FRET efficiency imaging of live cells},
  author={Zal, Tomasz and Gascoigne, Nicholas RJ},
  journal={Biophysical journal},
  volume={86},
  number={6},
  pages={3923--3939},
  year={2004},
  publisher={Elsevier}
}
@inproceedings{singh2022face,
  title={Face recognition using open source computer vision library (OpenCV) with Python},
  author={Singh, Gurpreet and Gupta, Ishika and Singh, Jaspreet and Kaur, Navneet},
  booktitle={2022 10th International Conference on Reliability, Infocom Technologies and Optimization (Trends and Future Directions)(ICRITO)},
  pages={1--6},
  year={2022},
  organization={IEEE}
}
@inproceedings{adusumalli2021face,
  title={Face mask detection using opencv},
  author={Adusumalli, Harish and Kalyani, D and Sri, R Krishna and Pratapteja, M and Rao, PVRD Prasada},
  booktitle={2021 Third International Conference on Intelligent Communication Technologies and Virtual Mobile Networks (ICICV)},
  pages={1304--1309},
  year={2021},
  organization={IEEE}
}